% This file was created with JabRef 2.10.
% Encoding: Cp1252


@Article{Rougee1993,
  Title                    = {Geometrical calibration of x-ray imaging chains for three-dimensional reconstruction},
  Author                   = {$\mathrm{Roug\acute{e}e}$, A. and Picard, C. Ponchut, C. and Trousset, Y.},
  Journal                  = {Comput. Med. Imaging Graph.},
  Year                     = {1993},
  Pages                    = {295-300},
  Volume                   = {17},

  Owner                    = {Fan},
  Timestamp                = {2014.09.29}
}

@TechReport{aapm_headCT2012,
  Title                    = {{A}dult {R}outine {H}ead {CT} {P}rotocols {V}ersion 1.1},
  Author                   = {{A}{A}{P}{M}},
  Institution              = {{A}merican {A}ssociation of {P}hysicist in {M}edicine},
  Year                     = {2012},

  Owner                    = {Fan},
  Timestamp                = {2014.09.05}
}

@Article{Abbey2001,
  Title                    = {{H}uman- and model-observer performance in ramp-spectrum noise: effects of regularization and object variability},
  Author                   = {Craig K. Abbey and Harrison H. Barrett},
  Journal                  = {Journal of the Optical Society of America A, Optics and Image Science},
  Year                     = {2001},

  Month                    = {March},
  Number                   = {3},
  Pages                    = {473-488},
  Volume                   = {18},

  File                     = {:F\:\\Papers\\Abbey - Human and Model Observer performance.pdf:PDF},
  Keywords                 = {model observer, observers,},
  Owner                    = {Helen_Fan},
  Timestamp                = {2012.10.30}
}

@Article{Antonuk1990,
  Title                    = {{R}adiation damage studies of amorphous-silicon photodiode sensors for application in radiotherapy {X}-ray imaging},
  Author                   = {Antonuk, L. E. and Boudry, J. and Yorkston, J. and Wild, C. F. and Longo, M. J. and Street, R. A.},
  Journal                  = {Nuclear Instruments and Methods in Physics Research},
  Year                     = {1990},
  Pages                    = {143-146},
  Volume                   = {A299},

  Owner                    = {Fan},
  Timestamp                = {2014.09.10}
}

@Article{Audet2006,
  Title                    = {Mesh adaptive direct search algorithm for constrained optimization},
  Author                   = {Audet, C and Dennis, J. J. E.},
  Journal                  = {SIAM J. Optimization},
  Year                     = {2006},
  Pages                    = {188-217},
  Volume                   = {17},

  Owner                    = {Ryan-Helen},
  Timestamp                = {2014.03.14}
}

@Article{Azevedo1990,
  Title                    = {{C}alculation of the {R}otational {C}enters in {C}omputed {T}omography {S}inograms},
  Author                   = {Azevedo, S. G. and Schneberk, D. J. and Fitch, J. P. and Martz, H. E.},
  Journal                  = {IEEE Transactions on Nuclear Science},
  Year                     = {1990},
  Pages                    = {1525-1540},
  Volume                   = {37},

  Owner                    = {Fan},
  Timestamp                = {2014.04.15}
}

@Article{Bankier2012,
  Title                    = {{T}hrough the {L}ooking {G}lass {R}evisited: {T}he {N}eed for {M}ore {M}eaning and {L}ess {D}rama in the {R}eporting of {D}ose and {D}ose {R}eduction in {CT}},
  Author                   = {Alexander A. Bankier and Herbert Y. Kressel},
  Journal                  = {Radiology},
  Year                     = {2012},

  Month                    = {October},
  Pages                    = {265:4-8},
  Volume                   = {265},

  File                     = {:C\:\\Users\\Helen_Fan\\Documents\\Papers\\Bankier - the need for more meaning and less drama in dose and dose reduction in CT.pdf:PDF},
  Owner                    = {Helen_Fan},
  Timestamp                = {2012.10.29}
}

@Article{Barrett2009,
  Title                    = {{NEQ}: its progenitors and progeny},
  Author                   = {Barrett, H. H.},
  Journal                  = {Proc. of SPIE},
  Year                     = {2009},
  Pages                    = {72630F1-7},
  Volume                   = {7263},

  File                     = {:C\:\\Users\\Helen_Fan\\Documents\\Papers\\Barrett NEQ keynote SPIE 2009.pdf:PDF},
  Owner                    = {Helen_Fan},
  Timestamp                = {2012.10.29}
}

@Book{Barrett2004,
  Title                    = {{F}oundations of {I}mage {S}cience},
  Author                   = {Harrison H. Barrett and Kyle J. Myers},
  Editor                   = {Bahaa E. A. Saleh},
  Publisher                = {John Wiley \& Sons, Inc.},
  Year                     = {2004},

  Owner                    = {Helen_Fan},
  Timestamp                = {2012.11.02}
}

@Book{Barrett1981,
  Title                    = {{R}adiological {I}maging - {T}he {T}heory of {I}mage {F}ormation, {D}etection, and {P}rocessing {V}olume 1},
  Author                   = {Barrett, H. H. and Swindell, W.},
  Publisher                = {Academic Press},
  Year                     = {1981},

  Owner                    = {Fan},
  Timestamp                = {2014.02.27}
}

@Article{Bauhs2008,
  Title                    = {{CT} {D}osimetry: {C}omparison of {M}easurement {T}echniques and {D}evices},
  Author                   = {John A. Bauhs and Thomas J. Vrieze and Andrew N. Primak and Michael R. Bruesewitz and Cynthia H. McCollough},
  Journal                  = {RadioGraphics},
  Year                     = {2008},
  Pages                    = {245-253},
  Volume                   = {28},

  File                     = {:F\:\\Papers\\Bauhs - CT dosimetry - comparison of measurement techniques and devices.pdf:PDF},
  Keywords                 = {CT dosimetry, dose, measurement techniques, TLD, CTDI},
  Owner                    = {Helen_Fan},
  Timestamp                = {2012.10.30}
}

@Article{Beister2012,
  Title                    = {{I}terative reconstruction methods in {X}-ray {CT}},
  Author                   = {Beister, M. and Kolditz, D. and Kalender, W. A.},
  Journal                  = {Physica Medica},
  Year                     = {2012},
  Pages                    = {94-108},
  Volume                   = {28},

  File                     = {:F\:\\Papers\\Beister - Iterative reconstruction methods in CT.pdf:PDF},
  Owner                    = {Helen_Fan},
  Timestamp                = {2012.10.29}
}

@Article{Beque2003,
  Title                    = {{C}haracterization of {P}inhole {SPECT} {A}cqusition {G}eometry},
  Author                   = {Beque, D. and Nuyts, J. and Bormans, G. and Suetens, P. and Dupont, P.},
  Journal                  = {IEEE Transactions on medical imaging},
  Year                     = {2003},
  Pages                    = {599-612},
  Volume                   = {22},

  Owner                    = {Fan},
  Timestamp                = {2014.04.15}
}

@Article{Berzins1983,
  Title                    = {{C}haracterization of fluorescent screen for imaging application with {M}e{V} neutrons and photons},
  Author                   = {Berzins, G. J. and Lumpkins, A. H. and Smith, H. L},
  Journal                  = {Opt. Eng.},
  Year                     = {1983},
  Pages                    = {633-642},
  Volume                   = {22},

  Owner                    = {Fan},
  Timestamp                = {2014.09.10}
}

@Book{blasse1994,
  Title                    = {{L}uminescent {M}aterials},
  Author                   = {Blasse, G. and Grabmaier, B. C.},
  Publisher                = {{B}erlin: {S}pringer},
  Year                     = {1994},

  Owner                    = {Fan},
  Timestamp                = {2014.09.10}
}

@Article{Bradford1999,
  Title                    = {{P}erformance {C}haracteristics of a {K}odak {C}omputed {R}adiography {S}ystem},
  Author                   = {Bradford, C.D. and Peppler, W.W. and Dobbins III, J. T.},
  Journal                  = {Medical Physics},
  Year                     = {1999},
  Pages                    = {27-37},
  Volume                   = {26},

  Owner                    = {Fan},
  Timestamp                = {2014.03.18}
}

@Article{Bronnikov1999,
  Title                    = {{V}irtual alignment of x-ray cone-beam tomography system using two calibration aperture measurements},
  Author                   = {Bronnikov, A. V.},
  Journal                  = {Opt. Eng.},
  Year                     = {1999},
  Pages                    = {3489-3508},
  Volume                   = {38},

  Owner                    = {Fan},
  Timestamp                = {2014.04.15}
}

@Article{Busemann1987,
  Title                    = {{M}easurement of {C}ollimator {H}ole {A}ngulation and {C}amera {H}ead {T}ilt for {S}lant and {P}arallel {H}ole {C}ollimators used in {SPECT}},
  Author                   = {Busemann-Sokole, E.},
  Journal                  = {J. Nucl. Med.},
  Year                     = {1987},
  Pages                    = {1592-1598},
  Volume                   = {28},

  Owner                    = {Fan},
  Timestamp                = {2014.04.16}
}

@Article{FAN2014,
  Title                    = {Testing citations},
  Author                   = {Funny Business},
  Journal                  = {MINE},

  Owner                    = {Ryan-Helen},
  Timestamp                = {2014.10.25}
}

@Article{Cavouras2000,
  Title                    = {{M}easurement of the $\mathrm{(Gd, La)_2O_2S:Tb}$ {P}hsophor efficiency for x-ray Imaging applications},
  Author                   = {Cavouras, D. and Kandaraks, I. and Nomicos, C. D. and Bakas, A. and Panayiotakis, G. S.},
  Journal                  = {{R}adiation {M}easurements},
  Year                     = {2000},
  Pages                    = {5-13},
  Volume                   = {32},

  Owner                    = {Fan},
  Timestamp                = {2014.09.09}
}

@Article{Cho2005,
  Title                    = {{A}ccurate technique for complete geometric calibration of cone-beam computed tomography systems},
  Author                   = {Cho, Y and Moseley, D. J. and Siewerdsen, J. H. and Jaffray, D. A.},
  Journal                  = {Med. Phys.},
  Year                     = {2005},
  Pages                    = {968-983},
  Volume                   = {32},

  Owner                    = {Fan},
  Timestamp                = {2014.04.15}
}

@Article{Chotas1997,
  Title                    = {{M}emory {A}rtifact {R}elated to {S}elenium {B}ased {D}igital {R}adiography {S}ystems},
  Author                   = {Chotas, H.G. and Floyd Jr, C. E. and Ravin, C. E.},
  Journal                  = {Radiology},
  Year                     = {1997},
  Pages                    = {881-883},
  Volume                   = {203},

  Owner                    = {Fan},
  Timestamp                = {2014.03.26}
}

@Book{Conn2008,
  Title                    = {{I}ntroduction to {D}erivative-{F}ree {O}ptimization, ser. {MPS}-{SIA}m {S}eries on {O}ptimization},
  Author                   = {Conn, A. R. and Scheinberg, K. and Vicente, L. N.},
  Publisher                = {Philadelphia, PA: SIAM},
  Year                     = {2008},

  Owner                    = {Ryan-Helen},
  Timestamp                = {2014.03.14}
}

@Article{Crawford1988,
  Title                    = {Reconstruction for fan beam with an angular-dependent displaced center-of-rotation},
  Author                   = {Crawford, C.R. and Gullberg, G.T. and Tsui, B.M.},
  Journal                  = {Med Phys},
  Year                     = {1988},
  Pages                    = {67-71},
  Volume                   = {15},

  Owner                    = {Fan},
  Timestamp                = {2014.04.15}
}

@TechReport{CTDosimetry2010,
  Title                    = {{C}omprehensive {M}ethodology for the {E}valuation of {R}adiation {D}ose in {X}-{R}ay {C}ompted {T}omography},
  Author                   = {AAPM Task Group III: The Future of CT Dosimetry},
  Institution              = {American Association of Physicists in Medicine},
  Year                     = {2010},
  Note                     = {A New Measurement Paradigm Based on a Unified Theory for Axial, Helical, Fan-Beam, and Cone-Beam Scanning With or Without Longitudinal Translation of the Patient Table},

  File                     = {:C\:\\Users\\Helen_Fan\\Documents\\Papers\\AAPM - evaluation of radiation dose in x-ray CT.pdf:PDF},
  Owner                    = {Helen_Fan},
  Timestamp                = {2012.10.30}
}

@Article{Cunningham1987,
  Title                    = {{A} method for modulation transfer function determination from edge profiles with correction for finite-element differentiation},
  Author                   = {Ian A. Cunningham and A. Fenster},
  Journal                  = {Medical Physics},
  Year                     = {1987},
  Pages                    = {533-537},
  Volume                   = {14},

  File                     = {:F\:\\Papers\\Cunningham - a method for MTF function determination from edge profiles.pdf:PDF},
  Owner                    = {Helen_Fan},
  Timestamp                = {2012.11.02}
}

@Article{Cunningham1992,
  Title                    = {{S}ignal and noise in modulation transfer function determination using the slit, wire, and edge techniques},
  Author                   = {Ian A. Cunningham and B. K. Reid},
  Journal                  = {Medical Physics},
  Year                     = {1992},
  Pages                    = {1037-1044},
  Volume                   = {19},

  Owner                    = {Helen_Fan},
  Timestamp                = {2012.11.02}
}

@Article{Cunningham1999,
  Title                    = {{S}ignal-to-noise optimization of medical imaging systems},
  Author                   = {Ian A. Cunningham and Rodney Shaw},
  Journal                  = {Journal of the Optical Society of America A, Optics and Image Science},
  Year                     = {1999},

  Month                    = {March},
  Number                   = {3},
  Pages                    = {621-632},
  Volume                   = {16},

  File                     = {:C\:\\Users\\Helen_Fan\\Documents\\Papers\\Cunningham - SNR optimization of medical imaging systems.pdf:PDF},
  Keywords                 = {signal to noise, SNR},
  Owner                    = {Helen_Fan},
  Timestamp                = {2012.10.29}
}

@Article{Ennerlein2007,
  Title                    = {Evaluation of three analytical methods for reconstruction from cone-beam data on a short circular scan},
  Author                   = {Dennerlein, F. and Noo, F. Hoppe, S. Hornegger, J. and Lauritsch, G.},
  Journal                  = {IEEE Nuclear Science Symposium Conference},
  Year                     = {2007},
  Pages                    = {M19-303},

  Owner                    = {Fan},
  Timestamp                = {2014.03.27}
}

@Article{Dobbins1995,
  Title                    = {{DQE}(f) of {F}our {G}enerations of {C}omputed {R}adiography {A}cquisition {D}evices},
  Author                   = {Dobbins III, J.T. and Ergun, D.L and Rutz, L. and Hinshaw, D.A and Blume, H. and Clark, D.C.},
  Journal                  = {Medical Physics},
  Year                     = {1995},
  Pages                    = {1581-1593},
  Volume                   = {22},

  Owner                    = {Fan},
  Timestamp                = {2014.03.18}
}

@PhdThesis{Elbakri2003,
  Title                    = {{S}tatistical {R}econstruction {A}lgorithms for {P}olyenergetic {X}-ray {C}omputed {T}omography},
  Author                   = {Elbakri, Idris A.},
  School                   = {Electrical Engineering in The University of Michigan},
  Year                     = {2003},

  Owner                    = {Fan},
  Timestamp                = {2014.03.31}
}

@Article{Fan2012,
  Title                    = {{CT} detector evaluation with complex random backgrounds},
  Author                   = {Helen Fan and Harrison H. Barrett},
  Journal                  = {Proc. of SPIE},
  Year                     = {2012},
  Pages                    = {1-7},
  Volume                   = {8318},

  File                     = {:C\:\\Users\\Helen_Fan\\Documents\\Papers\\Fan-CT detector eval.pdf:PDF},
  Owner                    = {Helen_Fan},
  Timestamp                = {2012.11.02}
}

@Article{Fan2010,
  Title                    = {{DR} with a {DSLR}: {D}igital {R}adiography with a {D}igital {S}ingle-{L}ens {R}eflex camera},
  Author                   = {Helen Fan and Heather L. Durko and Stephan K. Moore and Jared Moore and Brian W. Miller and Lars R. Furenlid and Sunil Pradhan and Harrison H. Barrett},
  Journal                  = {Proc. of SPIE},
  Year                     = {2010},
  Pages                    = {76225E1-76225E7},
  Volume                   = {7622},

  File                     = {:C\:\\Users\\Helen_Fan\\Documents\\Papers\\Fan-DR with DSLR.pdf:PDF},
  Owner                    = {Helen_Fan},
  Timestamp                = {2012.11.02}
}

@Article{Feldkamp1984,
  Title                    = {{P}ractical cone-beam algorithm},
  Author                   = {L. A. Feldkamp and L. C. Davis and J. W. Kress},
  Journal                  = {Journal of the Optical Society of America A, Optics and Image Science},
  Year                     = {1984},

  Month                    = {June},
  Number                   = {6},
  Pages                    = {612-619},
  Volume                   = {1},

  File                     = {:C\:\\Users\\Helen_Fan\\Documents\\Papers\\FDK.pdf:PDF},
  Owner                    = {Helen_Fan},
  Timestamp                = {2012.10.29}
}

@Article{Gagne2003,
  Title                    = {{S}ignal detectability in digital radiography: {S}patial domain figures of merit},
  Author                   = {Robert M. Gagne and Jonathan S. Boswell and Kyle J. Myers},
  Journal                  = {Medical Physics},
  Year                     = {2003},

  Month                    = {August},
  Number                   = {8},
  Pages                    = {2180-2193},
  Volume                   = {30},

  File                     = {:C\:\\Users\\Helen_Fan\\Documents\\Papers\\Gagne - Signal detectability in digital radiography.pdf:PDF},
  Owner                    = {Helen_Fan},
  Timestamp                = {2012.10.29}
}

@Article{Gallas2003,
  Title                    = {Validating the use of channels to estimate the ideal linear observer},
  Author                   = {Gallas, B. D. and Barrett, H. H.},
  Journal                  = {J. Opt.Soc. Am. A},
  Year                     = {2003},
  Pages                    = {1725-1738},
  Volume                   = {20},

  Owner                    = {Fan},
  Timestamp                = {2014.04.17}
}

@Article{Giakoumakis1989,
  Title                    = {{A}bsolute efficiency of $\mathrm{Gd_2O_2S:Tb}$ screens under fluoroscopic conditions},
  Author                   = {G. E. Giakoumakis and C. D. nomicos and P. X. Sandilos},
  Journal                  = {Physics in Medicine and Biology},
  Year                     = {1989},
  Number                   = {6},
  Pages                    = {673-678},
  Volume                   = {34},

  File                     = {:C\:\\Users\\Helen_Fan\\Documents\\Papers\\Giakoumakis - Absolute efficiency of Gd2O2STb screens under fluoroscopic conditions.pdf:PDF},
  Owner                    = {Helen_Fan},
  Timestamp                = {2012.10.29}
}

@Article{glendinning2001,
  Title                    = {{M}easurement of the response of $\mathrm{Gd_2O_2S:Tb}$ phosphor to 6 {MV} x-rays},
  Author                   = {Glendinning, A. G. and Hunt, S. G. and Bonnett, D. E},
  Journal                  = {Phys Med Biol},
  Year                     = {2001},
  Pages                    = {571-530},
  Volume                   = {46},

  Owner                    = {Fan},
  Timestamp                = {2014.09.10}
}

@Article{Goldman2008,
  Title                    = {{P}rinciple of {CT}: {M}ultislice {CT}},
  Author                   = {Lee W. Goldman},
  Journal                  = {Journal of Nuclear Medicine Technology},
  Year                     = {2008},
  Pages                    = {57-68},
  Volume                   = {36},

  File                     = {:C\:\\Users\\Helen_Fan\\Documents\\Papers\\Goldman - Principles of CT - multislice CT.pdf:PDF},
  Owner                    = {Helen_Fan},
  Timestamp                = {2012.10.29}
}

@Article{Goldman2007,
  Title                    = {{P}rinciples of {CT}: {R}adiation {D}ose and {I}mage {Q}uality},
  Author                   = {Lee W. Goldman},
  Journal                  = {Journal of Nuclear Medicine Technology},
  Year                     = {2007},
  Number                   = {4},
  Pages                    = {213-225},
  Volume                   = {35},

  File                     = {:C\:\\Users\\Helen_Fan\\Documents\\Papers\\Goldman - Principles of CT- radiation dose and image quality.pdf:PDF},
  Owner                    = {Helen_Fan},
  Timestamp                = {2012.10.29}
}

@Article{Goldman2007a,
  Title                    = {{P}rinciple of {CT} and {CT} {T}echnology},
  Author                   = {Lee W. Goldman},
  Journal                  = {Journal of Nuclear Medicine Technology},
  Year                     = {2007},
  Pages                    = {115-128},
  Volume                   = {35},

  File                     = {:C\:\\Users\\Helen_Fan\\Documents\\Papers\\Goldman - Principles of CT and CT technology.pdf:PDF},
  Owner                    = {Helen_Fan},
  Timestamp                = {2012.10.29}
}

@Article{Gordon1970,
  Title                    = {{A}lgebraic reconstruction techniques ({ART}) for three-dimensional electron microscopy and x-ray photography},
  Author                   = {Gordon, R. and Bender, R. and Herman, G.T.},
  Journal                  = {J. Theor. Biol},
  Year                     = {1970},
  Pages                    = {471-482},
  Volume                   = {29},

  Owner                    = {Fan},
  Timestamp                = {2014.03.27}
}

@Article{Gullberg1987,
  Title                    = {Estimation of geogeometric parameters for fan beam tomography},
  Author                   = {Gullberg, G. T. and Tsui, B.M.W. and Crawford, C.R. and Edgerton, E. R.},
  Journal                  = {Phys. Med. Biol.},
  Year                     = {1987},
  Pages                    = {11581-1594},
  Volume                   = {32},

  Owner                    = {Fan},
  Timestamp                = {2014.04.15}
}

@Article{Gullberg1990,
  Title                    = {Estimation of geometric parameters and collimator evaluation for cone beam tomography},
  Author                   = {Gullberg, G. T. and Tsui, B.M.W. and Crawford, C. R. and Ballard, J. G. and Hagius, J. T.},
  Journal                  = {Med. Phys},
  Year                     = {1990},
  Pages                    = {264-272},
  Volume                   = {17},

  Owner                    = {Fan},
  Timestamp                = {2014.04.15}
}

@Article{Hestenes1952,
  Title                    = {Methods of conjugate gradient for solving linear systems},
  Author                   = {Hestenes, M. R. and Steifel, E.},
  Journal                  = {J. Res. Nat. Bureau Standards},
  Year                     = {1952},
  Volume                   = {49},

  Owner                    = {Ryan-Helen},
  Timestamp                = {2014.03.14}
}

@Article{Hesterman2010,
  Title                    = {{M}aximum-{L}ikelihood {E}stimation {W}ith a {C}ontracting-{G}rid {S}earch {A}lgorithm},
  Author                   = {Jacob Y. Hesterman and Luca Caucci and Matthew A. Kupinski and Harrison H. Barrett and Lars R. Furenlid},
  Journal                  = {IEEE Transaction on Nuclear Science},
  Year                     = {2010},

  Month                    = {June},
  Number                   = {3},
  Pages                    = {1077-1084},
  Volume                   = {57},

  File                     = {Contracting Grid:C\:\\Users\\Helen_Fan\\Documents\\Papers\\Hesterman - Maximum likelihood estimation with a contracting grid search algorithm.pdf:PDF},
  Owner                    = {Helen_Fan},
  Timestamp                = {2012.10.29}
}

@Article{Hillen1987,
  Title                    = {{I}maging {P}erformance of a {D}igital {S}torage {P}hsophor {S}ystem},
  Author                   = {Hillen, W. and Schiebel, U. and Zaengel, T.},
  Journal                  = {Medical Physics},
  Year                     = {1987},
  Pages                    = {744-751},
  Volume                   = {14},

  Owner                    = {Fan},
  Timestamp                = {2014.03.18}
}

@Book{Hiseh2009,
  Title                    = {Computed Tomography: Principles, Design, AArtifact, and Recent Advances},
  Author                   = {Jiang Hiseh},
  Publisher                = {SPIE and John Wiley \& Sons, Inc},
  Year                     = {2009},

  Owner                    = {Fan},
  Timestamp                = {2014.03.27}
}

@Article{Housfield1973,
  Title                    = {CoComputeri transverse axial scanscan (tomography). part I. description of system},
  Author                   = {Hounsfield, G.N.},
  Journal                  = {Br J Radiol},
  Year                     = {1973},
  Pages                    = {1016-1022},
  Volume                   = {46},

  Owner                    = {Fan},
  Timestamp                = {2014.03.27}
}

@Article{Hsieh2000,
  Title                    = {A practical cone beam aritfact correction algorithm},
  Author                   = {Hsieh, J.},
  Journal                  = {Proc IEEEE Nucl Sci Symp Med Imag Conf},
  Year                     = {2000},
  Pages                    = {71-74},
  Volume                   = {15},

  Owner                    = {Ryan-Helen},
  Timestamp                = {2014.03.28}
}

@Article{Hsieh1999,
  Title                    = {Three-Dimensional Artifact Induced by Projection Weighting and Misalignment},
  Author                   = {Hsieh, J.},
  Journal                  = {IEEE Transactions on Medical Imaging},
  Year                     = {1999},
  Pages                    = {364-368},
  Volume                   = {18},

  Owner                    = {Fan},
  Timestamp                = {2014.04.15}
}

@Article{Hsieh1998,
  Title                    = {Adaptive streak artifact reuction in computed tomography resulting from excessive x-ray photon noise},
  Author                   = {Hsieh, J.},
  Journal                  = {Med. Phys.},
  Year                     = {1998},
  Pages                    = {2139-2147},
  Volume                   = {25(11)},

  Owner                    = {Fan},
  Timestamp                = {2014.03.31}
}

@Article{Hsieh2013,
  Title                    = {Recent Advances in CT Image Reconstruction},
  Author                   = {Hsieh, J. and Nett, B. and Yu, Z. and Sauer, K. and Thibault, J.B. and Bouman, C. A.},
  Journal                  = {Current Radiology Reports},
  Year                     = {2013},
  Volume                   = {16},

  Owner                    = {Fan},
  Timestamp                = {2014.03.27}
}

@Article{Hsieh2007,
  Title                    = {Conjugate cone beam reconstruction algorithm},
  Author                   = {Hsieh, J. and Tang, X. and Thibault, J. B. and et al},
  Journal                  = {Opt Eng},
  Year                     = {2007},
  Volume                   = {46},

  Owner                    = {Ryan-Helen},
  Timestamp                = {2014.03.28}
}

@Article{hunt5030,
  Title                    = {Imaging performance of an amorphous selenium flat-panel detector for digital fluoroscopy},
  Author                   = {Hunt, D. C. and Tousignant, O. and Demers, Y. and Laperriere, L. and Rowlands, J. A.},
  Journal                  = {Proc. SPIE: Physics of Medical Imaging},
  Year                     = {2003},
  Pages                    = {484-488},
  Volume                   = {5030},

  Owner                    = {Fan},
  Timestamp                = {2014.09.11}
}

@Article{Boedeker2007,
  Title                    = {Application of the noise power spectrum in modern diagnostic MDCT: partI. Measurement of noise power spectra and noise equivalent quanta},
  Author                   = {K L Boedeker, V N Cooper and M F McNitt-Gray},
  Journal                  = {Physics in},
  Year                     = {2007},
  Pages                    = {4027-4046},
  Volume                   = {52},

  Owner                    = {Fan},
  Timestamp                = {2014.02.24}
}

@Book{Kak1999,
  Title                    = {{P}rinciples of {C}omputerized {T}omographic {I}maging},
  Author                   = {Avinash C. Kak and Malcolm Slaney},
  Editor                   = {R. F. Cotellessa},
  Publisher                = {IEEE Press},
  Year                     = {1999},

  File                     = {:C\:\\Users\\Helen_Fan\\Documents\\Books\\Principles of Computed Tomography\\CTI_Ch01.pdf:PDF},
  Owner                    = {Helen_Fan},
  Timestamp                = {2012.11.13}
}

@Article{Kalra2004,
  Title                    = {{S}trategies for {CT} {R}adiation {D}ose {O}ptimization},
  Author                   = {Mannudeep K. Kalra and Michael M. Maher and Thomas L. Toth and Leena M. Hamberg and Michael A. Blake and Jo-Anne Shepard and Sanjay Saini},
  Journal                  = {Radiology},
  Year                     = {2004},
  Pages                    = {619-628},
  Volume                   = {230},

  File                     = {:C\:\\Users\\Helen_Fan\\Documents\\Papers\\Mannudeep K K - Strategiest for CT Radiation Dose Optimization.pdf:PDF},
  Owner                    = {Helen_Fan},
  Timestamp                = {2012.10.29}
}

@Article{Kandarakis2001,
  Title                    = {{E}xperimental and theoretical assessment of the Performance of ${G}d_2{O}_2{S}:{T}b$ and ${L}a_2{O}_2{S}:{T}b$ pphosphor and ${G}d_2{O}_2{S}:{T}b-{L}a_2{O}_2{S}:{T}b$ Mixtures for {X}-ray imaging},
  Author                   = {Kandaraks, I. and Cavouras, D.},
  Journal                  = {Eur. Radiol.},
  Year                     = {2001},
  Pages                    = {1083-1091},
  Volume                   = {11},

  Owner                    = {Fan},
  Timestamp                = {2014.09.09}
}

@Article{Karabulut2006,
  Title                    = {{L}ow dose {CT}: practices and strategies of radiologists in university hospitals},
  Author                   = {Nevzat Karabulut and Macit Ariy{\"u}rek},
  Journal                  = {Diagnostic and Interventional Radiology},
  Year                     = {2006},
  Pages                    = {3-8},
  Volume                   = {12},

  File                     = {:C\:\\Users\\Helen_Fan\\Documents\\Papers\\Karabulut - low dose CT - practices and strategies of radiologists in university hospitals.pdf:PDF},
  Owner                    = {Helen_Fan},
  Timestamp                = {2012.10.29}
}

@Article{Karolczak2001,
  Title                    = {Implementation of a cone-beam reconstruction algorithm for the single-circle source orbit with embedded misalignment correction using homogeneous coordinates},
  Author                   = {Karolczak, M. and Schaller, S. and Engelke, K. and Lutz, A. and Taubenreuther, U. and Wiesent, K. and Kalender, W.},
  Journal                  = {Med. Phys.},
  Year                     = {2001},
  Pages                    = {2050-2069},
  Volume                   = {28},

  Owner                    = {Fan},
  Timestamp                = {2014.04.15}
}

@Article{kasap2006,
  Title                    = {Recent advances in {X}-ray photoconductors for direct conversion {X}-ray image detectors},
  Author                   = {Kasap, S.O. and Zahangir Kabir, M. and Rowlands, J. A.},
  Journal                  = {Current Applied Physics},
  Year                     = {2006},
  Pages                    = {288-292},
  Volume                   = {6},

  Owner                    = {Fan},
  Timestamp                = {2014.09.11}
}

@Book{kato1994,
  Title                    = {Specification, acceptance testing and quality control of diagnostic x-ray imaging equipment},
  Author                   = {Kato, H.},
  Editor                   = {Seibert, J. and Barns, G. and Gould, R.},
  Publisher                = {AAPM},
  Year                     = {1994},

  Owner                    = {Fan},
  Timestamp                = {2014.09.15}
}

@Article{Katsevich2003,
  Title                    = {A general schedule for constructng inversion algorithm for cone beam CT},
  Author                   = {Katsevich, A.},
  Journal                  = {Int J Math Math Sci},
  Year                     = {2003},
  Volume                   = {21},

  Owner                    = {Ryan-Helen},
  Timestamp                = {2014.03.28}
}

@Article{Katsevich2002,
  Title                    = {Improved exact FBP algorithm for spiral CT},
  Author                   = {Katsevich, A.},
  Journal                  = {Adv Appl Math},
  Year                     = {2002},

  Owner                    = {Ryan-Helen},
  Timestamp                = {2014.03.28}
}

@Article{Katsevich2002SIAM,
  Title                    = {Theoretically exact filtered backprojection type inversion algorithm for spiral CT},
  Author                   = {Katsevich, A.},
  Journal                  = {SIAM J Appl Math},
  Year                     = {2002},

  Owner                    = {Ryan-Helen},
  Timestamp                = {2014.03.28}
}

@Article{Kim2008,
  Title                    = {On the Development of Digital Radiology Detectors: A Review},
  Author                   = {Kim, H. K.},
  Journal                  = {International Journal of Precision Engineering and Manufacturing},
  Year                     = {2008},
  Pages                    = {86-100},
  Volume                   = {9},

  Owner                    = {Fan},
  Timestamp                = {2014.02.24}
}

@Article{kim2005,
  Title                    = {{D}evelopment of a lens-coupled {CMOS} detector for an {X}-ray inspection system},
  Author                   = {Kim, H. K. and Ahn, J. K. and Cho, G.},
  Journal                  = {Nuclear Instruments and Methods in PHysics Research A},
  Year                     = {2005},
  Pages                    = {210-216},
  Volume                   = {545},

  Owner                    = {Fan},
  Timestamp                = {2014.09.16}
}

@Article{kim2001,
  Title                    = {{D}evelopment and {E}valuation of a {D}igital {R}adiographic {S}ystem {B}ased on {CMOS} {I}mage {S}ensor},
  Author                   = {Kim, H. K. and Cho, G. and Lee, S. W. and Shin, Y. H. and Cho, H. S.},
  Journal                  = {IEEE Transaction on Nuclear Science},
  Year                     = {2001},
  Pages                    = {662-666},
  Volume                   = {48},

  Owner                    = {Fan},
  Timestamp                = {2014.09.16}
}

@Book{Knuth1998,
  Title                    = {The Art of Computer Programming, Volume 3: Sorting and Searching (2nd Edition)},
  Author                   = {Knuth, D.},
  Publisher                = {Addison-Wesley},
  Year                     = {1998},

  Owner                    = {Ryan-Helen},
  Timestamp                = {2014.03.14}
}

@Article{Kolda2003,
  Title                    = {Optimization by direct search: New persepctives on some classical and modern methods},
  Author                   = {Kolda, T. G. and Lewis, R. M. and Torczon, V.},
  Journal                  = {SIAM Rev.},
  Year                     = {2003},
  Number                   = {385-482},
  Volume                   = {45},

  Owner                    = {Ryan-Helen},
  Timestamp                = {2014.03.14}
}

@Article{lee2001,
  Title                    = {{A} 3-{D} {X}-{R}ay {M}icrotomographic {S}ystem {W}ith a {CMOS} {I}mage {S}ensor},
  Author                   = {Lee, S. W. and Kim, H. K. and Cho, G., and Shin, Y.Shin, Y. H., Y. Y.},
  Journal                  = {IEEE Transactions on Nuclear Science},
  Year                     = {2001},
  Pages                    = {1503-1505},
  Volume                   = {48},

  Owner                    = {Fan},
  Timestamp                = {2014.09.16}
}

@Misc{Lewis,
  Title                    = {{P}rinciples of {CT} {D}osimetry},

  Author                   = {Maria Lewis},
  HowPublished             = {\url{http://www.impactscan.org/slides/impactcourse/principles%20of%20ct%20dosimetry/index.html}},
  Month                    = {October},
  Year                     = {2005},

  Owner                    = {Helen_Fan},
  Timestamp                = {2012.11.13}
}

@Article{Li1994a,
  Title                    = {A filtered backprojection algorithm for pinhole SPECT with a displaced center of rotation},
  Author                   = {Li, J. and Jaszczak, R. J. and Greer, K. L. and Coleman, R. E.},
  Journal                  = {Phys. Med. Biol.},
  Year                     = {1994},
  Pages                    = {165-176},
  Volume                   = {38},

  Owner                    = {Fan},
  Timestamp                = {2014.04.16}
}

@Article{Li1993,
  Title                    = {Determination of both mechanical and electronic shifts in cone-beam SPECT},
  Author                   = {Li, J. and Jaszczak, R. J. and Wang, H. and Greer, K. L. and Coleman, R. E.},
  Journal                  = {Phys. Med. Biol.},
  Year                     = {1993},
  Pages                    = {743-754},
  Volume                   = {38},

  Owner                    = {Fan},
  Timestamp                = {2014.04.16}
}

@Article{Li1994b,
  Title                    = {A cone-beam SPECT reconstruction algorithm with a displaced center of rotation},
  Author                   = {Li, J. and Jaszczak, R. J. and Wang, H. and Gullberg, G. T. and Greer, K. L. and Coleman, R. E.},
  Journal                  = {Med. Phys.},
  Year                     = {1994},
  Pages                    = {145-152},
  Volume                   = {21},

  Owner                    = {Fan},
  Timestamp                = {2014.04.16}
}

@Article{ludwig1972,
  Title                    = {Evaluation of ${G}d_2{O}_2{S}:{T}b$ as a phosphor for the input screen of x-ray Image intensifier},
  Author                   = {Ludwig, G. W. and Prener, J. S.},
  Journal                  = {Nuclear Science, IEEE Transactions},
  Year                     = {1972},
  Pages                    = {3-8},
  Volume                   = {19(4)},

  Owner                    = {Fan},
  Timestamp                = {2014.09.09}
}

@Article{madden2006,
  Title                    = {{L}ens-{C}oupled {CCD} {D}etector for {X}-ray {C}rystallography},
  Author                   = {Madden, T. J. and McGuigan, W. and Molitsky, M. J. and Naday, I. and McArthur, A. and Westbrook, E. M.},
  Journal                  = {IEEE Trans. Nucl. Sci.},
  Year                     = {2006},
  Pages                    = {729-734},
  Volume                   = {2},

  Owner                    = {Fan},
  Timestamp                = {2014.09.16}
}

@Article{Mettler2008,
  Title                    = {{E}ffective {D}oses in {R}adiology and {D}iagnostic {N}uclear {M}edicine: {A} {C}atalog},
  Author                   = {Mettler, Jr, Fred A. and Walter Huda and Terry T. Yoshizumi and Mahadevappa Mahesh},
  Journal                  = {Radiology},
  Year                     = {2008},

  Month                    = {July},
  Pages                    = {254-263},
  Volume                   = {248},

  File                     = {:C\:\\Users\\Helen_Fan\\Documents\\Papers\\Mettler - Effective dose in radiology and diagnostic nuclear medicine.pdf:PDF},
  Owner                    = {Helen_Fan},
  Timestamp                = {2012.10.29}
}

@PhdThesis{Moore2011,
  Title                    = {{A}daptive {X}-{R}ay {C}omputed {T}omography},
  Author                   = {Jared Moore},
  School                   = {The University of Arizona},
  Year                     = {2011},

  File                     = {:C\:\\Users\\Helen_Fan\\Documents\\PhD proposal\\MooreDissertationMain.pdf:PDF},
  Owner                    = {Helen_Fan},
  Timestamp                = {2012.11.13}
}

@Article{Moy1993,
  Title                    = {{C}onversion efficiency and time response of phosphors for fast {X}-ray imaging with synchrotron radiation},
  Author                   = {Moy, J. P. and Koch, A. and Nielsen, M. B.},
  Journal                  = {Nucl. Instrum. Methods A},
  Year                     = {1993},
  Pages                    = {581-586},
  Volume                   = {326},

  Owner                    = {Fan},
  Timestamp                = {2014.09.10}
}

@Article{Nikl2006,
  Title                    = {{S}cintillation detectors for x-rays},
  Author                   = {Martin Nikl},
  Journal                  = {Measurement Science and Technology},
  Year                     = {2006},
  Pages                    = {R37-R54},
  Volume                   = {17},

  File                     = {:C\:\\Users\\Helen_Fan\\Documents\\Papers\\Nikl - Scintillation detectors for x-rays.pdf:PDF},
  Owner                    = {Helen_Fan},
  Timestamp                = {2012.10.29}
}

@Article{Noo2000,
  Title                    = {Analytic method based on idenficiation of ellipse parameters for scanner calibration in cone-bean tomography},
  Author                   = {Noo, F. and Clackdoyle, R. and Mennessier, C. and White, T. A. and Roney, T. J.},
  Journal                  = {Phys. Med. Biol.},
  Year                     = {2000},
  Pages                    = {3489-3508},
  Volume                   = {45},

  Owner                    = {Fan},
  Timestamp                = {2014.04.15}
}

@Article{Origgi2006,
  Title                    = {{S}urvey of computed tomography techniques and absorbed dose in {I}talian hospitals: a comparison between two methods to estimate the dose-length product and the effective dose and to verify fulfillment of the diagnostic reference levels},
  Author                   = {Daniela Origgi and Sabrina Vigorito and Gaetano Villa and Massimo Bellomi and Giampiero Tosi},
  Journal                  = {European Radiology},
  Year                     = {2006},
  Pages                    = {227-237},
  Volume                   = {16},

  File                     = {:C\:\\Users\\Helen_Fan\\Documents\\Papers\\Origgi - survey of CT techniques in italian hospitals.pdf:PDF},
  Owner                    = {Helen_Fan},
  Timestamp                = {2012.10.29}
}

@Article{Ouimette1998,
  Title                    = {New large-area x-ray image sensor},
  Author                   = {Ouimette, Donald R. and Nudelman, Sol and Aikens, Richard S.},
  Journal                  = {Proceedings of SPIE, Medical Imaging: Physics of Medical Imaging},
  Year                     = {1998},
  Pages                    = {470},
  Volume                   = {3336},

  Owner                    = {Fan},
  Timestamp                = {2014.02.25}
}

@Article{Pan2004,
  Title                    = {A unified analysis of FBP-based aalgorithm in helical cone-beam and circular cone- and fan-beam scans},
  Author                   = {Pan, X. and Xia, D. and Zou, Y. and Yu, L.},
  Journal                  = {Phys med Biol},
  Year                     = {2004},
  Number                   = {4349-4369},
  Volume                   = {49},

  Owner                    = {Ryan-Helen},
  Timestamp                = {2014.03.28}
}

@Article{Panetta2008,
  Title                    = {An optimization-based method for gegeometric calibration in cone-beam CT witwith dedicated phantoms},
  Author                   = {Panetta, D. and Belcari, N. and Guerra, A. D. and Moehrs, S.},
  Journal                  = {Phys. Med. Biol.},
  Year                     = {2008},
  Pages                    = {3841-3861},
  Volume                   = {53},

  Owner                    = {Fan},
  Timestamp                = {2014.04.15}
}

@Article{Pantos2011,
  Title                    = {{A}dult patient radiation doses from non-cardiac {CT} examinations: a review of published results},
  Author                   = {Pantos, I. and Thalassinou, S. and Argentos, S. and Kelekis, N. L. and Panayiotakis, G. and Efstathopoulos, E. P.},
  Journal                  = {The British Journal of Radiology},
  Year                     = {2011},
  Pages                    = {293-303},
  Volume                   = {84},

  File                     = {:C\:\\Users\\Helen_Fan\\Documents\\Papers\\Pantos - Adult patient radiation doses from non-cardiac CT exams.pdf:PDF},
  Owner                    = {Helen_Fan},
  Timestamp                = {2012.10.29}
}

@Article{Bunch1987,
  Title                    = {Analysis of the detective quantum efficiency of a radiographic screen-film combination},
  Author                   = {Philip C. Bunch, Kenneth E. Huff, and Richard Van Metter},
  Journal                  = {J. Opt.Soc. Am. A},
  Year                     = {1987},
  Pages                    = {902-908},
  Volume                   = {4},

  File                     = {:F\:\\Papers\\Bunch - analysis of the DQE of a raiographic screen-film combination.pdf:PDF},
  Owner                    = {Fan},
  Timestamp                = {2014.02.24}
}

@TechReport{PhysicistsinMedicine2011,
  Title                    = {{AAPM} {R}ecommendations {R}egarding {N}otification and {A}lert {V}alues for {CT} {S}canners: {G}uidelines for {U}se of the {NEMA} {XR} 25 {CT} {D}ose-{C}heck {S}tandard},
  Author                   = {American Association of Physicists in Medicine},
  Institution              = {American Association of Physicists in Medicine},
  Year                     = {2011},

  File                     = {:C\:\\Users\\Helen_Fan\\Documents\\Papers\\AAPM recommendations for NEMA XR 25.pdf:PDF},
  Keywords                 = {CT Dose, AAPM, NEMA, NEMA XR 25},
  Owner                    = {Helen_Fan},
  Timestamp                = {2012.10.30}
}

@Article{Que1995,
  Title                    = {Xray detectors using amorphous selenium: Inherent spatial resolution},
  Author                   = {Que, W. and Rowland, J. A.},
  Journal                  = {Medical Phys},
  Year                     = {1995},
  Pages                    = {365},
  Volume                   = {22},

  Owner                    = {Fan},
  Timestamp                = {2014.02.25}
}

@InProceedings{Roehrig2005,
  Title                    = {{DQE} of a {CMOS} based digital imaging detector for appliation in mammography},
  Author                   = {Roehrig, H and Baysal, MA and Toker, E},
  Booktitle                = {Penetrating Radiation Systems and Applications VII},
  Year                     = {2005},
  Editor                   = {F. Patrick Doty and H. Bradford Barber and Hans Roehrig},
  Month                    = {September},
  Volume                   = {59230J},

  File                     = {:C\:\\Users\\Helen_Fan\\Documents\\Papers\\Roehrig - DQE of CMOS based detector for mammo.pdf:PDF},
  Journal                  = {Proc. of SPIE},
  Owner                    = {Helen_Fan},
  Timestamp                = {2012.10.29}
}

@Article{Rolland1992,
  Title                    = {Effect of random background inhomogeneity on observer detection performance},
  Author                   = {Rolland, J. P. and Barrett, H. H.},
  Journal                  = {J. Opt.Soc. Am. A},
  Year                     = {1992},
  Pages                    = {649-658},
  Volume                   = {9},

  Owner                    = {Fan},
  Timestamp                = {2014.02.28}
}

@Article{Rowlands2002,
  Title                    = {The physics of computed radiography},
  Author                   = {J A Rowlands},
  Journal                  = {Physics in Medicine and Biology},
  Year                     = {2002},
  Pages                    = {R123-R166},
  Volume                   = {47},

  File                     = {:F\:\\Papers\\Rowland - the physics of computed radiography.pdf:PDF},
  Owner                    = {Fan},
  Timestamp                = {2014.02.25}
}

@Article{Samei1997,
  Title                    = {Physical Measures of Image-Quality in Photostimulable Phosphor Radiographic Systems},
  Author                   = {Samei, E. and Flynn, M.J.},
  Journal                  = {Proceedings of SPIE 3032},
  Year                     = {1997},
  Pages                    = {328-338},

  Owner                    = {Fan},
  Timestamp                = {2014.03.26}
}

@Article{Samei2008,
  Title                    = {{D}etector or {S}ystem? {E}xtending the {C}oncept of {D}etective {Q}uantum {E}fficiency ot {C}haracterize the {P}erformance of {D}igitial {R}adiographic {I}maging {S}ystems},
  Author                   = {Ehsan Samei and Nicole T. Ranger and Alistair MacKenzie and Ian D. Honey and Dobbins III, James T. and Carl E. Ravin},
  Journal                  = {Radiology},
  Year                     = {2008},
  Pages                    = {926-937},
  Volume                   = {249},

  File                     = {:C\:\\Users\\Helen_Fan\\Documents\\Papers\\Samei - detector or system - extending DQE to DR.pdf:PDF},
  Owner                    = {Helen_Fan},
  Timestamp                = {2012.10.29}
}

@Article{Samei2004,
  Title                    = {Fundamental imaging characteristics of a slot-scan digital chest radiographic system},
  Author                   = {Samei, E. and Saunders, R. S. and Lo, J. Y. and Dobbins III,Dobbins III, J. T., J. L. and Floyd, C. E. and Ravin, C. E.},
  Journal                  = {Medical Physics},
  Year                     = {2004},
  Pages                    = {2687},
  Volume                   = {31},

  Owner                    = {Fan},
  Timestamp                = {2014.02.25}
}

@Book{CUDA2011,
  Title                    = {CUDA BY EXAMPLE},
  Author                   = {Sanders, Jason and Kandrot, Edward},
  Publisher                = {Addison-Wesley},
  Year                     = {2011},

  Owner                    = {Fan},
  Timestamp                = {2014.02.28}
}

@Article{Sawant2005,
  Title                    = {Segmented crystalline scintillators: An Initial Investigation of High Quantum Efficiency Detectors for Megavoltage X-ray Imaging},
  Author                   = {Sawant, A. and Antonuk, L.E. and El-Mohri, Y. and Zhao, Q. and Li, Y. and Su, Z. and Wang, Y. and Yamamoto, J. and Du, H. and Cunningham, I. A. and Klugerman, M. and Shah, K.},
  Journal                  = {Medical Physics},
  Year                     = {2005},
  Pages                    = {3067-3083},
  Volume                   = {32(10)},

  Owner                    = {Fan},
  Timestamp                = {2014.02.25}
}

@Article{Seibert2004,
  Title                    = {{X}-{R}ay {I}maging {P}hysics for {N}uclear {M}edicine {T}echnologists. {P}art 1: {B}asic {P}rinciples of {X}-{R}ay {P}roduction},
  Author                   = {J. Anthony Seibert},
  Journal                  = {Journal of Nuclear Medicine Technology},
  Year                     = {2004},
  Pages                    = {139-147},
  Volume                   = {32},

  File                     = {:C\:\\Users\\Helen_Fan\\Documents\\Papers\\Seibert - basic principles of x-ray production.pdf:PDF},
  Owner                    = {Helen_Fan},
  Timestamp                = {2012.10.29}
}

@Article{Seibert2005,
  Title                    = {{X}-{R}ay {I}maging {P}hysics for {N}uclear {M}edicine {T}echnologists. {P}art 2: {X}-{R}ay {I}nteractions and {I}mage {F}ormation},
  Author                   = {J. Anthony Seibert and John M. Boone},
  Journal                  = {Journal of Nuclear Medicine Technology},
  Year                     = {2005},
  Pages                    = {3-18},
  Volume                   = {33},

  File                     = {:C\:\\Users\\Helen_Fan\\Documents\\Papers\\Seibert - x-ray interactions and image formation.pdf:PDF},
  Owner                    = {Helen_Fan},
  Timestamp                = {2012.10.29}
}

@Article{Seibert-DR2005,
  Title                    = {Evaluation of an optically coupled CCD digital radiography system},
  Author                   = {Seibert, J. A. and Kwan, A. and Boone, J. M. and Brown, P. and Winsor, R.},
  Journal                  = {Proceedings of SPIE: Medical Imaging, Physics of Medical Imaging},
  Year                     = {2005},
  Pages                    = {458},
  Volume                   = {5745},

  File                     = {:F\:\\Papers\\Seibert - Evaluation of CCD DR system.pdf:PDF},
  Owner                    = {Fan},
  Timestamp                = {2014.02.25}
}

@Article{shepherd1995,
  Title                    = {{A} study of persistence in gadolinium oxysulphide x-ray phosphors},
  Author                   = {Shepherd, J. A. and Gruner, S. M. and Tate, M. W. and Tecotzky, M},
  Journal                  = {Proc. SPIE},
  Year                     = {1995},
  Pages                    = {24-30},
  Volume                   = {2519},

  Owner                    = {Fan},
  Timestamp                = {2014.09.10}
}

@Article{Siddon1985,
  Title                    = {{F}ast calculation of the exact radiological path for a three-dimensional CT array},
  Author                   = {Siddon, R. L.},
  Journal                  = {Med. Phys.},
  Year                     = {1985},
  Pages                    = {252-255},
  Volume                   = {12(2)},

  Owner                    = {Fan},
  Timestamp                = {2014.08.21}
}

@Article{Siewerdson2002,
  Title                    = {{A} framework for noise-power spectrum analysis of multidimensional images},
  Author                   = {J. H. Siewerdson and I. A. Cunningham and D. A. Jaffray},
  Journal                  = {Medical Physics},
  Year                     = {2002},

  Month                    = {November},
  Number                   = {11},
  Pages                    = {2655-2671},
  Volume                   = {29},

  File                     = {:C\:\\Users\\Helen_Fan\\Documents\\Papers\\Siewerdsen - a framework for NPS analysis of multi-d images.pdf:PDF},
  Owner                    = {Helen_Fan},
  Timestamp                = {2012.10.29}
}

@Article{Silver1998,
  Title                    = {High-helical-pitch cone-beam computed tomography},
  Author                   = {Silver, M.},
  Journal                  = {Phys Med Biol},
  Year                     = {1998},
  Number                   = {847-855},
  Volume                   = {43},

  Owner                    = {Ryan-Helen},
  Timestamp                = {2014.03.28}
}

@Article{Simon2004,
  Title                    = {PbO as direct conversion x-ray detector material},
  Author                   = {Simon, Matthias and Ford Ronald A. and Franklin, Anthony R. and Grabowski, Stefan P. and Menser, Bernd and Much, Gerd and Nascetti, Augusto and Overdick, Michael and Powell, Martin J. and Wiechert, Detlef U.},
  Journal                  = {Proceedings of SPIE, Medical Imaging},
  Year                     = {2004},
  Pages                    = {10.1117-12.533010},
  Volume                   = {5368},

  File                     = {:F\:\\Papers\\Simon - PbO as direct conversion x-ray detector material.pdf:PDF},
  Owner                    = {Fan},
  Timestamp                = {2014.02.25}
}

@Article{Smekal2004,
  Title                    = {Geometric misalignment and calibration in cone-beam tomography},
  Author                   = {Smekal, L. and Kachelrie{\ss}, M. and Stepina, E. and Kalendar, W. A.},
  Journal                  = {Med. Phys.},
  Year                     = {2004},
  Pages                    = {2342-3266},
  Volume                   = {31},

  Owner                    = {Fan},
  Timestamp                = {2014.02.28}
}

@Article{Sordeo2009,
  Title                    = {Progress in the Development of CdTe and CdZnTe Semicondutor Radiation Detectors for Astrophysical and Medical Application},
  Author                   = {Sordeo, S. D. and Abbene, L. and Caroli, E. and Mancini, A. M. and Zappettini, A. and Ubertini, Pietro},
  Journal                  = {Sensors},
  Year                     = {2009},
  Pages                    = {3491-3526},
  Volume                   = {9},

  File                     = {:F\:\\Papers\\Sordeo - CdTe and CdZnTe radiation detectors.pdf:PDF},
  Owner                    = {Fan},
  Timestamp                = {2014.02.25}
}

@Article{Stevens2001,
  Title                    = {Alignment of a voluvolume tomography system},
  Author                   = {Stevens, G. M. and Saunders, R. and Pelc N. J.},
  Journal                  = {Med. Phys.},
  Year                     = {2001},
  Pages                    = {1472-1481},
  Volume                   = {28},

  Owner                    = {Fan},
  Timestamp                = {2014.04.15}
}

@Article{Street2002,
  Title                    = {Approaching the theoretical x-ray sensitivity with HgI2 direct detection image sensors},
  Author                   = {Street, Robert A. and Ready, Steve E. and Melekhov, Leonid and Ho, Jackson and Zuck, Asaf and Breen, Barry N.},
  Journal                  = {Proceedings of SPIE, Medical Imaging},
  Year                     = {2002},
  Pages                    = {10.1117/12.465584},
  Volume                   = {4682},

  File                     = {:F\:\\Papers\\Street - HgI2 direct detection image sensors.pdf:PDF},
  Owner                    = {Fan},
  Timestamp                = {2014.02.25}
}

@Article{swank1974,
  Title                    = {{M}easurement of absoprtion and noise in an x-ray image intensifier},
  Author                   = {Swank, R. K.},
  Journal                  = {J. Appl. Phys.},
  Year                     = {1974},
  Pages                    = {3673-3678},
  Volume                   = {45},

  Owner                    = {Fan},
  Timestamp                = {2014.09.10}
}

@Article{swank1973,
  Title                    = {{A}bsorption and noise in x-ray phosphors},
  Author                   = {Swank, R. K.},
  Journal                  = {J. Appl. Phys.},
  Year                     = {1973},

  Month                    = {September},
  Number                   = {9},
  Pages                    = {41994203},
  Volume                   = {44},

  Owner                    = {Fan},
  Timestamp                = {2014.09.10}
}

@Article{Tang2006,
  Title                    = {A threedialgorithm weighted cone beam filtered backprojection (CB-FBP) algorithm for image reconstruction in voluvolume CT-helical scanning},
  Author                   = {Tang, X and Hsieh, J. Nilsen R. A. and et al},
  Journal                  = {Med Phys Biol},
  Year                     = {2006},
  Number                   = {855-874},
  Volume                   = {51},

  Owner                    = {Ryan-Helen},
  Timestamp                = {2014.03.28}
}

@Article{tate2005,
  Title                    = {{A}rea x-ray detector based on a lens-coupled charge-coupled Device},
  Author                   = {Tate, M. W. and Chamberlain, D. and Gruner, S. M.},
  Journal                  = {Review of Scientific Instruments},
  Year                     = {2005},
  Pages                    = {081301},
  Volume                   = {76},

  Owner                    = {Fan},
  Timestamp                = {2014.09.16}
}

@Article{trauernicht1988,
  Title                    = {{T}he {M}easurement of {C}onversion {N}oise in {X}-ray {I}ntensifying {S}creens},
  Author                   = {Trauernicht, D. P. and Van Metter, R.},
  Journal                  = {Proc. SPIE, Medical Imaging II},
  Year                     = {1988},
  Pages                    = {100-116},
  Volume                   = {914},

  Owner                    = {Fan},
  Timestamp                = {2014.09.15}
}

@Article{trauernicht1990,
  Title                    = {{C}onversion noise measurement for front and back x-ray intensifying screens},
  Author                   = {Trauernicht, D. P. and Van Metter, R. L},
  Journal                  = {Proc. SPIE, Medical Imaging IV: Image Formation},
  Year                     = {1990},
  Pages                    = {262-270},
  Volume                   = {1231},

  Owner                    = {Fan},
  Timestamp                = {2014.09.15}
}

@Article{trevisan2014,
  Title                    = {{M}easurement of {C}omputed {T}omography {D}ose {I}ndex for clinical scans},
  Author                   = {Trevisan, D. and Ravanelli, D. and Valentini, A.},
  Journal                  = {{R}adiation {P}rotection {D}osimetry},
  Year                     = {2014},
  Pages                    = {389-398},
  Volume                   = {158},

  Owner                    = {Fan},
  Timestamp                = {2014.09.09}
}

@TechReport{UNSCEAR2010,
  Title                    = {{UNSCEAR} 2010 {R}eport: {S}ummary of low-dose radiation effects on health},
  Author                   = {UNSCEAR},
  Institution              = {United Nations},
  Year                     = {2010},

  Owner                    = {Helen_Fan},
  Timestamp                = {2012.11.12}
}

@Article{VanUnnik1997,
  Title                    = {{S}urvey of {CT} techniques and absorbed dose in arious {D}utch hospitals},
  Author                   = {Van Unnik, J. G. and Broderse, J. J. and Geleijns, J. and Jansen, J. Th. M. and Zoetelief, J. and Zweers, D.},
  Journal                  = {Brit. J. Radiol.},
  Year                     = {1997},
  Pages                    = {367-371},
  Volume                   = {70},

  File                     = {:C\:\\Users\\Helen_Fan\\Documents\\Papers\\van unnik - survey of CT techniques in dutch hospitals.pdf:PDF},
  Owner                    = {Helen_Fan},
  Timestamp                = {2012.10.29}
}

@Article{Wagner1985,
  Title                    = {{U}nified {SNR} analysis of medical imaging systems},
  Author                   = {Robert F. Wagner and David G. Brown},
  Journal                  = {Physics in Medicine and Biology},
  Year                     = {1985},
  Number                   = {6},
  Pages                    = {489-518},
  Volume                   = {30},

  File                     = {:C\:\\Users\\Helen_Fan\\Documents\\Papers\\Wagner-Unified SNR analysis of medial imaging systems.pdf:PDF},
  Keywords                 = {SNR},
  Owner                    = {Helen_Fan},
  Timestamp                = {2012.10.30}
}

@Article{Wagner1979,
  Title                    = {{A}pplication of information theory to the assessment of computed tomography},
  Author                   = {Robert F. Wagner and David G. Brown and Mary S. Pastel},
  Journal                  = {Medical Physics},
  Year                     = {1979},
  Number                   = {2},
  Pages                    = {83-94},
  Volume                   = {6},

  File                     = {:C\:\\Users\\Helen_Fan\\Documents\\Papers\\Wagner - Application of information theory to CT.pdf:PDF},
  Owner                    = {Helen_Fan},
  Timestamp                = {2012.10.29}
}

@Article{Wang1993,
  Title                    = {A general cone-beam reconstruction algorithm},
  Author                   = {Wang, G. and Lin, T.H. and Chen, P. Sinozaki, D.M.},
  Journal                  = {IEEEE Trans med Imag.},
  Year                     = {1993},

  Owner                    = {Ryan-Helen},
  Timestamp                = {2014.03.28}
}

@Article{Wang2008,
  Title                    = {An outlook on x-ray CT research and development},
  Author                   = {Wang, G. and Yu, H. and De Man, B.},
  Journal                  = {Med. Phys.},
  Year                     = {2008},
  Pages                    = {1051-1064},
  Volume                   = {35},

  Owner                    = {Fan},
  Timestamp                = {2014.04.14}
}

@Article{Wang1998,
  Title                    = {Astigmatic single photon emission computed tomography imaging with a displaced center of rotation},
  Author                   = {Wang, H. and Smith, M. F. and Stone, C. D. and Jaszczak, R. J.},
  Journal                  = {Med. Phys.},
  Year                     = {1998},
  Pages                    = {1493-1501},
  Volume                   = {25},

  Owner                    = {Fan},
  Timestamp                = {2014.04.16}
}

@Article{winch2001,
  Title                    = {{X}-ray imaging using a consumer-grade digital camera},
  Author                   = {Winch, N. M. and Edgar, A.},
  Journal                  = {Nuclear Instruments and Methods in Physics Research A},
  Year                     = {2001},
  Pages                    = {308-313},
  Volume                   = {654},

  Owner                    = {Fan},
  Timestamp                = {2014.09.16}
}

@Article{Yang2006,
  Title                    = {A geometric calibration method for cone beam CT systems},
  Author                   = {Yang, K. and Kwan, A. L. and Miller, D. F. and Boone, J. M.},
  Journal                  = {Am. Assoc. Phys. Med.},
  Year                     = {2006},
  Pages                    = {1695-1706},
  Volume                   = {33(6)},

  Owner                    = {Fan},
  Timestamp                = {2014.03.27}
}

@Article{Yao2012,
  Title                    = {{S}mall-{A}nimal {PET}: {W}hat {I}s it, and {W}hy {D}o {W}e {N}eed {I}t?},
  Author                   = {Rutao Yao and Roger Lecomte and Elpida S. Crawford},
  Journal                  = {Journal of Nuclear Medicine Technology},
  Year                     = {2012},
  Pages                    = {157-165},
  Volume                   = {40},

  File                     = {:C\:\\Users\\Helen_Fan\\Documents\\Papers\\Yao - small animal PET - what is it and why do we need it.pdf:PDF},
  Owner                    = {Helen_Fan},
  Timestamp                = {2012.10.29}
}

@Article{Ye2005,
  Title                    = {A general exact reconstruction for cone-beam CT via backprojection-filtration},
  Author                   = {Ye, Y. and Zhao, S. and Yu, H. Wang, G.},
  Journal                  = {IEEE Trans Med Imag},
  Year                     = {2005},

  Owner                    = {Ryan-Helen},
  Timestamp                = {2014.03.28}
}

@Article{Yorkston2007,
  Title                    = {Recent ddevelopment in digital radiography detectors},
  Author                   = {John Yorkston},
  Journal                  = {Nuclear Instruments and Methods in Physics Research A},
  Year                     = {2007},
  Pages                    = {974-985},
  Volume                   = {580},

  File                     = {:F\:\\Papers\\Yorkston - recent developments in DR detectors.pdf:PDF},
  Owner                    = {Fan},
  Timestamp                = {2014.02.25}
}

@Article{Zhuang2006,
  Title                    = {New Families of exact fan-beam and cone-beam image reconstruction formulae via filtering the backprojection image of differentiated projection data along singly measured lines},
  Author                   = {Zhuang, T. and Chen, G.},
  Journal                  = {Inverse Prob.},
  Year                     = {2006},

  Owner                    = {Ryan-Helen},
  Timestamp                = {2014.03.28}
}

@Article{Zou2004,
  Title                    = {An extended data function and its genegeneral backprojection for image reconstruction in helical cone-beam CT},
  Author                   = {Zou, Y. Pan, X.},
  Journal                  = {Phys Med Biol},
  Year                     = {2004},

  Owner                    = {Ryan-Helen},
  Timestamp                = {2014.03.28}
}

@Book{EmissionTom2004,
  Title                    = {{E}mission {T}omography - {T}he {F}undamentals of {PET} and {SPECT}},
  Editor                   = {Wernick, M. N and Aarsvold, J. N.},
  Publisher                = {{E}lsevier {A}cademic {P}ress},
  Year                     = {2004},

  Owner                    = {Fan},
  Timestamp                = {2014.08.21}
}

@Standard{AAPM93,
  Title                    = {Acceptance Testing and Quality Control of Photostimulable Storage Phosphor Imaging Systems},
  Organization             = {American Association of Physicists in Medicine, Report No. 93},

  Owner                    = {Fan},
  Timestamp                = {2014.09.15}
}

@Electronic{clarkvision,
  Url                      = {http://www.clarkvision.com/imagedetail/digital.sensor.performance.summary/},

  Owner                    = {Fan},
  Timestamp                = {2014.03.06}
}

@Manual{Cudatoolkit,
  Title                    = {CUDA toolkit documentation},

  Address                  = {docs.nvidia.com/cuda/index.html},
  Edition                  = {5.5},
  Organization             = {NVIDIA},

  Owner                    = {Fan},
  Timestamp                = {2014.08.25}
}

@Electronic{foveon,
  Url                      = {www.foveon.com},

  Owner                    = {Fan},
  Timestamp                = {2014.09.19}
}

@Electronic{maxmax,
  Url                      = {www.maxmax.com/b&w_conversion.htm},

  Owner                    = {Fan},
  Timestamp                = {2014.09.19}
}

@Electronic{microlensfig,
  Organization             = {Toppan Photomasks, Inc.},
  Url                      = {http://www.photomask.com/products/on-chip-color-filters},

  Owner                    = {Fan},
  Timestamp                = {2014.03.06}
}

@Electronic{sigmasd10,
  Organization             = {cnet},
  Url                      = {www.cnet.com/products/sigma-sd10/},

  Owner                    = {Fan},
  Timestamp                = {2014.09.19}
}

@Electronic{stevesdigicams,
  Url                      = {http://www.steves-digicams.com/2003_reviews/sigma_sd10_pg7.html},

  Owner                    = {Fan},
  Timestamp                = {2014.09.19}
}

@Electronic{scintillatorImage,
  Title                    = {{NDT} {W}iki {X}-ray - the {D}igital {X}-ray {E}ncyclopedia},
  Month                    = {9},
  Organization             = {VIDISCO},
  Url                      = {http://www.vidisco.com/ndt_solutions/ndt_info_center/ndt_wiki_x_ray},
  Year                     = {2014},

  Owner                    = {Fan},
  Timestamp                = {2014.09.17}
}

@Standard{NEMA2010,
  Title                    = {{NEMA} {S}tandards {P}ublication {XR} 25-2010: {C}omputed {T}omography {D}ose {C}heck},
  Institution              = {NEMA},
  Organization             = {National Electrical Manufacturers Association},
  Year                     = {2010},

  File                     = {:C\:\\Users\\Helen_Fan\\Documents\\Papers\\NEMA XR 25-2010.pdf:PDF},
  Owner                    = {Helen_Fan},
  Timestamp                = {2012.10.30}
}

@Article{UNSCEAR2008,
  Title                    = {{UNSCEAR} 2008 {R}eport of the {G}eneral {A}ssembly {A}nnex {A}: {M}edical {E}xposure to {I}onizing {R}adiation},
  Journal                  = {United Nations Scientific Committee on the Effects of Atomic Radiation},
  Year                     = {2008},
  Volume                   = {I},

  File                     = {:C\:\\Users\\Helen_Fan\\Documents\\Papers\\UNSCEAR - Sources and effects of ionizing radiation 2008.pdf:PDF},
  Institution              = {United Nations},
  Organization             = {United Nations Scientific Committee on the Effects of Atomic Radiation},
  Owner                    = {Helen_Fan},
  Timestamp                = {2012.10.29}
}

@Article{Dosimetry2007,
  Title                    = {{T}he {M}easurement, {R}eporting, and {M}anagement of {R}adiation {D}ose in {CT}},
  Journal                  = {American Association of Physicists in Medicine, Task Group 23: CT Dosimetry},
  Year                     = {2007},

  File                     = {:C\:\\Users\\Helen_Fan\\Documents\\Papers\\AAPM - measurement reporting and management of radiation dose in CT.pdf:PDF},
  Institution              = {American Association of Physicists in Medicine},
  Owner                    = {Helen_Fan},
  Timestamp                = {2012.10.30}
}

@Article{ICRP30,
  Title                    = {{I}nternational {C}ommission on {R}adiological {P}rotection. {L}imits for {I}ntakes of {R}adionuclides by {W}orkers},
  Journal                  = {ICRP Publication 30. Annals of the ICRP},
  Year                     = {1979},
  Number                   = {4},
  Volume                   = {19},

  Owner                    = {Helen_Fan},
  Part                     = {Annals of the ICRP},
  Publisher                = {Pergamon Press, New York},
  Timestamp                = {2012.11.13},
  Type                     = {Annals of the ICRP}
}

@comment{jabref-meta: selector_review:}

@comment{jabref-meta: selector_publisher:}

@comment{jabref-meta: selector_author:}

@comment{jabref-meta: selector_journal:}

@comment{jabref-meta: selector_keywords:}

